% This file was created with JabRef 2.3.1.
% Encoding: ISO8859_1

@CONFERENCE{Arcaute+2008,
  author = {Elsa Arcaute and Kim Christensen and Ana Sendova-Franks and Torbjorn
	Dahl and Angela Espinosa and Henrik J. Jensen},
  title = {Division of labour in ant colonies in terms of attractive fields},
  booktitle = {Ecol. Complex},
  year = {2008},
  owner = {20270089},
  timestamp = {2008.11.24}
}

@ARTICLE{Balch+1994comm,
  author = {Balch, T. and Arkin, R.C.},
  title = {Communication in reactive multiagent robotic systems},
  journal = {Autonomous Robots},
  year = {1994},
  volume = {1},
  pages = {27--52},
  number = {1},
  publisher = {Springer},
  timestamp = {2010.04.27}
}

@BOOK{Bonabeau+1999,
  title = {Swarm intelligence: from natural to artificial systems},
  publisher = { Oxford University Press},
  year = {1999},
  author = {Eric Bonabeau and Marco Dorigo and Guy Theraulaz},
  pages = {307},
  timestamp = {2010.04.27}
}

@ARTICLE{Gustafson+2006,
  author = {Gustafson, S. and Gustafson, D.A.},
  title = {Issues in the scaling of multi-robot systems for general problem
	solving},
  journal = {Autonomous Robots},
  year = {2006},
  volume = {20},
  pages = {125--136},
  number = {2},
  publisher = {Springer},
  timestamp = {2010.04.27}
}

@PHDTHESIS{Labella2007,
  author = {Labella, T.H.},
  title = {Division of labour in groups of robots},
  school = {Universite Libre de Bruxelles},
  year = {2007},
  owner = {omar},
  timestamp = {2010.04.04}
}

@CONFERENCE{Lochmatter+2008,
  author = {Lochmatter, T. and Roduit, P. and Cianci, C. and Correll, N. and
	Jacot, J. and Martinoli, A.},
  title = {Swistrack-a flexible open source tracking software for multi-agent
	systems},
  booktitle = {IEEE/RSJ International Conference on Intelligent Robots and Systems,
	2008. IROS 2008},
  year = {2008},
  pages = {4004--4010},
  timestamp = {2010.04.27}
}

@CONFERENCE{Sarker+2010ants,
  author = {Sarker, M.O.F. and Dahl, T.S.},
  title = {Robotic Validation of an Inter-disciplinary Generic Model of Self-regulated
	Division of Labour in Social Systems},
  booktitle = {ANTS 2010: 7th International Conference on Swarm Intelligence (submitted,
	available on request)},
  year = {2010}
}

@CONFERENCE{Sarker+2010iros,
  author = {Sarker, M.O.F. and Dahl, T.S.},
  title = {Locality-Based Dynamic Peer-to-Peer Communication for Self-regulated
	Multi-robot Task Allocation},
  booktitle = {IEEE/RSJ International Conference on Intelligent Robots and Systems,
	IROS 2010 (submitted, available on request)},
  year = {2010},
  timestamp = {2010.04.27}
}

@comment{jabref-meta: selector_publisher:}

@comment{jabref-meta: selector_author:}

@comment{jabref-meta: selector_journal:}

@comment{jabref-meta: selector_keywords:}

